@Inbook{Ferraro2008,
author="Ferraro, Giovanni",
title="Geometrical quantities and series in Leibniz",
bookTitle="The Rise and Development of the Theory of Series up to the Early 1820s",
year="2008",
publisher="Springer New York",
address="New York, NY",
pages="25--44",
isbn="978-0-387-73468-2",
doi="10.1007/978-0-387-73468-2_2",
url="https://doi.org/10.1007/978-0-387-73468-2_2"
}
@INBOOK{8343604,
  author={Galin, Daniel},
  booktitle={Software Quality: Concepts and Practice}, 
  title={Software Quality Factors (Attributes)}, 
  year={2018},
  volume={},
  number={},
  pages={23-44},
  doi={10.1002/9781119134527.ch2}}
@INBOOK{python,
  author={Daniel Arbuckle},
  booktitle={Daniel Arbuckle's Mastering Python : building powerful Python applications}, 
  title={PEP 8 â€” guidelines for Python code}, 
  year={2017},
  volume={},
  number={},
  pages={},
  doi={}}